<?xml version="1.0" encoding="UTF-8" ?><marc:collection xmlns:marc="http://www.loc.gov/MARC21/slim" xmlns:xsi="http://www.w3.org/2001/XMLSchema-instance" xsi:schemaLocation="http://www.loc.gov/MARC21/slim http://www.loc.gov/standards/marcxml/schema/MARC21slim.xsd">
<marc:record><marc:leader>05002nam a2200409Ia 4500</marc:leader>
<marc:controlfield tag="005">20200918231500.0</marc:controlfield>
<marc:controlfield tag="008">200908s2019    bl            000 0 por d</marc:controlfield><marc:datafield tag="040" ind1=" " ind2=" "><marc:subfield code="a">USP/AGUIA</marc:subfield></marc:datafield><marc:datafield tag="041" ind1="0" ind2=" "><marc:subfield code="a">por</marc:subfield></marc:datafield><marc:datafield tag="044" ind1=" " ind2=" "><marc:subfield code="a">bl</marc:subfield></marc:datafield><marc:datafield tag="100" ind1="1" ind2=" "><marc:subfield code="a">Marchiori, Ricardo de Almeida</marc:subfield></marc:datafield><marc:datafield tag="242" ind1="0" ind2="0"><marc:subfield code="a">Between Pachamama and ecosytem services</marc:subfield><marc:subfield code="b">the inclusion of indigenous local knowledge systems in the Intergovernmental Platform on Biodiversity and Ecosystem Services (IPBES)</marc:subfield></marc:datafield><marc:datafield tag="245" ind1="1" ind2="0"><marc:subfield code="a">Entre Pachamama e serviços ecossistêmicos</marc:subfield><marc:subfield code="b">a inclusão dos conhecimentos indígenas e locais na Plataforma Intergovernamental sobre Biodiversidade e Serviços Sistêmicos (IPBES)</marc:subfield><marc:subfield code="c">Ricardo de Almeida Marchiori</marc:subfield></marc:datafield><marc:datafield tag="260" ind1=" " ind2=" "><marc:subfield code="a">São Paulo</marc:subfield><marc:subfield code="c">2019</marc:subfield></marc:datafield><marc:datafield tag="300" ind1=" " ind2=" "><marc:subfield code="a">140 f</marc:subfield></marc:datafield><marc:datafield tag="502" ind1=" " ind2=" "><marc:subfield code="a">Dissertação (Mestrado)</marc:subfield></marc:datafield><marc:datafield tag="520" ind1=" " ind2=" "><marc:subfield code="a">Inspirada no Painel Intergovernamental para Mudanças Climáticas (IPCC), foi criada em 2012 a Plataforma Intergovernamental sobre Biodiversidade e Serviços Ecossistêmicos (IPBES), no âmbito do Sistema ONU. É o mais novo organismo científico e diplomático voltado à produção de relatórios sobre os ecossistemas planetários e objetiva concentrar autoridade científica para orientar a formulação de políticas públicas ambientais. Diferentemente do IPCC, contudo, possui maior diversidade disciplinar e prevê desde sua concepção a inclusão de outros atores sociais e sistemas de conhecimentos, como as comunidades indígenas e locais. Partindo de uma pesquisa documental em registros oficiais da Plataforma, procurou-se investigar através de quais discursos, metologias e processos decisórios os conhecimentos indígenas e locais são reconhecidos e incluídos nos trabalhos do IPBES, atentando-se para possíveis conflitos e apagamentos. Em linhas gerais, tentou-se indagar quais as premissas ontológicas subjacentes às concepções modernas de natureza e de política implicitamente adotadas pelas ciências modernas no âmbito do IPBES e, consequentemente, quais fricções surgem quando contrapostas a outros regimes de conhecimentos, buscando-se verificar a possibilidade de ocorrência de rupturas na ontologia oficial dos modernos. Por fim, constatou-se um comprometimento por parte dos cientistas em fazer constar estes conhecimentos nos produtos da Plataforma, ainda que tratados de maneira tipicamente</marc:subfield></marc:datafield><marc:datafield tag="590" ind1=" " ind2=" "><marc:subfield code="d">Culturas e Identidades Brasileiras</marc:subfield></marc:datafield><marc:datafield tag="520" ind1=" " ind2=" "><marc:subfield code="a">diplomática e cautelosa com a qual o IPBES busca construir sua legitimidade política e científica</marc:subfield></marc:datafield><marc:datafield tag="650" ind1=" " ind2="7"><marc:subfield code="a">ANTROPOLOGIA</marc:subfield><marc:subfield code="2">larpcal</marc:subfield></marc:datafield><marc:datafield tag="650" ind1=" " ind2="7"><marc:subfield code="a">BIODIVERSIDADE</marc:subfield><marc:subfield code="2">larpcal</marc:subfield></marc:datafield><marc:datafield tag="650" ind1=" " ind2="7"><marc:subfield code="a">ANTROPOLOGIA CULTURAL E SOCIAL</marc:subfield><marc:subfield code="2">larpcal</marc:subfield></marc:datafield><marc:datafield tag="650" ind1=" " ind2="7"><marc:subfield code="a">CULTURA INDÍGENA</marc:subfield><marc:subfield code="2">larpcal</marc:subfield></marc:datafield><marc:datafield tag="700" ind1="1" ind2=" "><marc:subfield code="a">Marras, Stelio Alessandro</marc:subfield><marc:subfield code="4">orient</marc:subfield></marc:datafield><marc:datafield tag="856" ind1="0" ind2=" "><marc:subfield code="z">e-mail do autor</marc:subfield><marc:subfield code="u">mailto://ricardo.marchiori@usp.br</marc:subfield><marc:subfield code="3">E-mail do autor</marc:subfield></marc:datafield><marc:datafield tag="856" ind1="4" ind2="1"><marc:subfield code="z">Clicar sobre o botão para acesso ao texto</marc:subfield><marc:subfield code="u">https://www.teses.usp.br/teses/disponiveis/31/31131/tde-17032020-092956/</marc:subfield><marc:subfield code="3">BDTD</marc:subfield></marc:datafield><marc:datafield tag="856" ind1="0" ind2=" "><marc:subfield code="z">e-mail do orientador</marc:subfield><marc:subfield code="u">mailto://smarras@usp.br</marc:subfield><marc:subfield code="3">E-mail do orientador</marc:subfield></marc:datafield><marc:datafield tag="940" ind1=" " ind2=" "><marc:subfield code="a">Created in 2012, the Intergovernmental Platform on Biodiversity and Ecosystem Services was heavily inspired by the Intergovernmental Panel for Climate Change (IPCC) and it is the newest diplomatic and scientific international body whose objective is to produce assessment reports on the planet's ecosystems and centralize scientific authority aiming to orient policy and decision making. Differently from the IPCC, however, it has greater disciplinary diversity and aims to include a broader range of actors and knowledge systems, such as indigenous and local. By analyzing official IPBES documents this research goal was to investigate through which discourses, methodologies and decision processes these other knowledge systems might be included, foresighting ontological conflicts. It aimed to comprehend what are the ontological assumptions of the modern sciences that make IPBES and what frictions arise when in contact of other knowledge regimes and if there are breaches in the modern ontology. Finally, it was noted a compromise to include these other forms of knowledge in the Platform, treated in a meticulously and diplomatic way that characterizes the operation of IPBES, through which it aims to build its scientific and political legitimacy</marc:subfield></marc:datafield><marc:datafield tag="945" ind1=" " ind2=" "><marc:subfield code="a">T</marc:subfield><marc:subfield code="b">TESE</marc:subfield><marc:subfield code="c">T</marc:subfield><marc:subfield code="i">20.12.2019</marc:subfield><marc:subfield code="j">2019</marc:subfield></marc:datafield><marc:datafield tag="946" ind1=" " ind2=" "><marc:subfield code="a">MARCHIORI, RICARDO DE ALMEIDA</marc:subfield><marc:subfield code="b">7196711</marc:subfield><marc:subfield code="e">IEB</marc:subfield><marc:subfield code="f">INSTITUTO DE ESTUDOS BRASILEIROS</marc:subfield><marc:subfield code="q">ME</marc:subfield><marc:subfield code="r">20.12.2019</marc:subfield><marc:subfield code="s">S</marc:subfield><marc:subfield code="o">2338320</marc:subfield></marc:datafield><marc:datafield tag="952" ind1=" " ind2=" "><marc:subfield code="a">Antropologia da Ciência</marc:subfield><marc:subfield code="f">Proveniente da Base Teses Digitais da USP</marc:subfield></marc:datafield><marc:datafield tag="952" ind1=" " ind2=" "><marc:subfield code="a">Biodiversity</marc:subfield><marc:subfield code="f">Proveniente da Base Teses Digitais da USP</marc:subfield></marc:datafield><marc:datafield tag="952" ind1=" " ind2=" "><marc:subfield code="a">Conhecimentos Indígenas e Locais</marc:subfield><marc:subfield code="f">Proveniente da Base Teses Digitais da USP</marc:subfield></marc:datafield><marc:datafield tag="952" ind1=" " ind2=" "><marc:subfield code="a">Ecosystem Services</marc:subfield><marc:subfield code="f">Proveniente da Base Teses Digitais da USP</marc:subfield></marc:datafield><marc:datafield tag="952" ind1=" " ind2=" "><marc:subfield code="a">Indigenous Local Knowledge Systems</marc:subfield><marc:subfield code="f">Proveniente da Base Teses Digitais da USP</marc:subfield></marc:datafield><marc:datafield tag="952" ind1=" " ind2=" "><marc:subfield code="a">Science Studies</marc:subfield><marc:subfield code="f">Proveniente da Base Teses Digitais da USP</marc:subfield></marc:datafield><marc:datafield tag="952" ind1=" " ind2=" "><marc:subfield code="a">Serviços Ecossistêmicos</marc:subfield><marc:subfield code="f">Proveniente da Base Teses Digitais da USP</marc:subfield></marc:datafield></marc:record>
</marc:collection>
